@misc{nsa_definition,
  author       = {NSA},
  title        = {Definition of Deepfake},
  year         = {2025},
  note         = {Technical definition by the U.S.\ National Security Agency}
}

@misc{nist_definition_ai,
  author       = {NIST},
  title        = {Definition of Artificial Intelligence},
  year         = {2025},
  note         = {NIST Special Publication}
}

@inproceedings{video_rewrite,
  author       = {Bregler, Christoph and Covell, Michael and Slaney, Malcolm},
  title        = {Video Rewrite},
  booktitle    = {Proceedings of ICASSP},
  year         = {1997}
}

@online{cambridge_vox,
  author       = {{Vox}},
  title        = {Cambridge Analytica Explained},
  year         = {2018},
  url          = {https://www.vox.com/policy-and-politics/2018/3/23/17151944/cambridge-analytica-facebook-kogan-explained}
}

@techreport{mia_secureworks,
  author       = {{SecureWorks}},
  title        = {Mia Ash Report},
  institution  = {SecureWorks},
  year         = {2016}
}

@online{reuters_fake,
  author       = {{Reuters}},
  title        = {Fake Obama Video},
  year         = {2017},
  url          = {https://www.reuters.com/article/usa-obama-deepfake-idUSKBN1D82A2}
}

@techreport{fcc_robocall,
  author       = {{FCC}},
  title        = {Robocall Deepfake Biden},
  institution  = {Federal Communications Commission},
  year         = {2024}
}

@techreport{cse_canada_2025,
  author       = {{Communications Security Establishment Canada}},
  title        = {Hong Kong CFO Deepfake Scam},
  institution  = {CSE Canada},
  year         = {2025}
}

@techreport{eu_disinfo_lab,
  author       = {{EU DisinfoLab}},
  title        = {Indian Chronicles},
  institution  = {EU DisinfoLab},
  year         = {2020}
}

@techreport{dfrlab_briefing,
  author       = {{Atlantic Council DFRLab}},
  title        = {Disinformation in the Age of AI},
  institution  = {Atlantic Council DFRLab},
  year         = {2024}
}

@techreport{fbi_context,
  author       = {{FBI and CISA and NSA}},
  title        = {Contextualizing Deepfake Threats},
  institution  = {FBI/CISA/NSA},
  year         = {2023}
}

@techreport{europol_deepfakes,
  author       = {{Europol}},
  title        = {Facing Reality? Deepfakes and Law Enforcement},
  institution  = {Europol},
  year         = {2022}
}

@article{guardian_wpp,
  author       = {{The Guardian}},
  title        = {WPP Deepfake CEO Scam},
  journal      = {The Guardian},
  year         = {2024},
  note         = {Online edition}
}

@article{bbc_fake_sikh,
  author       = {{BBC News}},
  title        = {Fake Sikh Accounts Exposed},
  journal      = {BBC News},
  year         = {2021},
  note         = {Online edition}
}

@article{channel4_bangladesh,
  author       = {{Channel 4 News}},
  title        = {Bangladesh Like Farms Revealed},
  journal      = {Channel 4 News},
  year         = {2022},
  note         = {Online investigation}
}

@techreport{meta_report,
  author       = {{Meta}},
  title        = {CIB Reports},
  institution  = {Meta Platforms, Inc.},
  year         = {2021}
}

@online{npr_fake_us,
  author       = {{NPR}},
  title        = {Fake State Dept Video},
  year         = {2023},
  url          = {https://www.npr.org/sections/codeswitch/2023/01/15/849572764/fake-state-department-video-deepfake}
}

@article{washpost_fake,
  author       = {{Washington Post}},
  title        = {Fake “D.C. Weekly” Site Uncovered},
  journal      = {The Washington Post},
  year         = {2023},
  note         = {Online edition}
}

@article{india_deepfake,
  author       = {{BBC}},
  title        = {Indian Political Deepfakes in Dialects},
  journal      = {BBC},
  year         = {2020},
  note         = {Online edition}
}

@article{taiwan_deepfake,
  author       = {{Washington Post}},
  title        = {Taiwan Deepfake Election Videos},
  journal      = {The Washington Post},
  year         = {2023},
  note         = {Online edition}
}

@techreport{zelensky_fake,
  author       = {{DFRLab}},
  title        = {Zelensky Fake Video Analysis},
  institution  = {Atlantic Council DFRLab},
  year         = {2022}
}

@techreport{ai_act_art50,
  author       = {{European Union}},
  title        = {{EU AI Act}, Article 50},
  institution  = {European Union},
  year         = {2024}
}

@techreport{fcc_voice_2024,
  author       = {{FCC}},
  title        = {AI Voice Regulation},
  institution  = {Federal Communications Commission},
  year         = {2024}
}

@techreport{senato_ddl1146,
  author       = {{Senato della Repubblica Italiana}},
  title        = {DDL 1146/24-25},
  institution  = {Senato Italiano},
  year         = {2025}
}

@online{brewster2021uae,
  author = {Brewster, Thomas},
  title  = {Fraudsters Cloned Company Director's Voice In \$35\,Million Heist Using AI},
  year   = {2021},
  url    = {https://www.forbes.com/sites/thomasbrewster/2021/10/14/huge-bank-fraud-uses-deep-fake-voice-tech-to-steal-millions/}
}

@online{darkreading_uae_deepfake,
  author = {{Dark Reading}},
  title  = {Deepfake Audio Scores \$35 Million in Corporate Heist},
  year   = {2021},
  url    = {https://www.darkreading.com/cyberattacks-data-breaches/deepfake-audio-scores-35-million-in-corporate-heist}
}

@online{damiani2019voice,
  author = {Damiani, Jesse},
  title  = {A Voice Deepfake Was Used To Scam A CEO Out Of \$243\,000},
  year   = {2019},
  url    = {https://www.forbes.com/sites/jessedamiani/2019/09/03/a-voice-deepfake-was-used-to-scam-a-ceo-out-of-243000/}
}


@online{fbi_2022_deepfake_kidnap,
  author       = {{FBI}},
  title        = {FBI Warns of Deepfake “Kidnap” Scams Targeting Families},
  year         = {2022},
  url          = {https://www.fbi.gov/news/press-releases/fbi-warns-of-deepfake-kidnap-scams-targeting-families}
}

@online{ftc_2022_deepfake_kidnap,
  author       = {{FTC}},
  title        = {Consumer Alert: Deepfake Kidnapping Scams},
  year         = {2022},
  url          = {https://www.ftc.gov/news-events/blogs/consumer-alert/2022/09/deepfake-kidnapping-scams}
}

@online{forbes_bitvex2022,
  title  = {ELON MUSK DIVENTA UN DEEPFAKE PROMOTORE DI CRYPTO: ATTENTI ALLA TRUFFA!},
  year   = {2022},
  url    = {https://tech.everyeye.it/notizie/elon-musk-deepfake-promotore-crypto-attenti-truffa-588756.html}
}

@online{bbc_bitvex2022,
  author = {{BBC News}},
  title  = {Crypto Scam Flavored by Deepfake Elon Musk Video},
  year   = {2022},
  url    = {https://www.bbc.com/news/technology-61345678}
}


@article{uscsocial2020,
  author  = {Shao, Chengcheng and Ciampaglia, Giovanni Luca and Varol, Onur and Yang, Kai-Cheng and Flammini, Alessandro and Menczer, Filippo},
  title   = {The Spread of Low-Credibility Content by Social Bots},
  journal = {Nature Communications},
  volume  = {11},
  number  = {1},
  pages   = {1–9},
  year    = {2020},
  doi     = {10.1038/s41467-019-13886-0}
}

@techreport{echolab2020,
  author      = {Zannettou, Savvas and Sirivianos, Michael and Blackburn, Jeremy and Stringhini, Gianluca},
  title       = {Understanding Domestic and Foreign Influence Operations in Online Social Networks},
  institution = {Echolab, University of Twente},
  year        = {2020}
}

@online{channel4_bangladesh,
  author      = {{Channel 4 News}},
  title       = {Bangladesh Like Farms Revealed},
  year        = {2022},
  url         = {https://www.channel4.com/news/the-click-farm-economy-bangladesh}
}

@techreport{imperva_badbot2022,
  author      = {{Imperva Inc.}},
  title       = {2022 Bad Bot Report},
  institution = {Imperva},
  year        = {2022},
  url         = {https://www.imperva.com/resources/reports/bad-bot-report-2022.pdf}
}

@techreport{cir2021_sockpuppet,
  author       = {{Centre for Information Resilience}},
  title        = {Exposing Organised Sockpuppet Influence Operations},
  institution  = {Centre for Information Resilience},
  year         = {2021},
  url          = {https://informationresilience.org/sockpuppet-report-2021}
}


@online{scikit,
  url    = {https://scikit-learn.org/stable/auto_examples/classification/plot_classifier_comparison.html#sphx-glr-auto-examples-classification-plot-classifier-comparison-py}
}


@article{NgCarley2025,
  author  = {Ng, Lynnette Hui Xian and Carley, Kathleen M.},
  title   = {A global comparison of social media bot and human characteristics},
  journal = {Scientific Reports},
  volume  = {15},
  number  = {1},
  pages   = {10973},
  year    = {2025},
  doi     = {10.1038/s41598-025-96372-1},
  url     = {https://www.nature.com/articles/s41598-025-96372-1}
}

@article{arthur2013clickfarms,
  author  = {Arthur, Charles},
  title   = {How low-paid workers at 'click farms' create appearance of online popularity},
  journal = {The Guardian},
  year    = {2013},
  month   = {August},
  day     = {2},
  url     = {https://www.theguardian.com/technology/2013/aug/02/click-farms-appearance-online-popularity},
  note    = {Accessed: 2025-05-16}
}

@techreport{strick2021realsikh,
  author      = {Benjamin Strick},
  title       = {Analysis of the \#RealSikh Influence Operation},
  institution = {Centre for Information Resilience},
  year        = {2021},
  month       = {November},
  url         = {https://www.info-res.org/app/uploads/2024/11/Analysis-of-the-RealSikh-Network.pdf},
  note        = {Accessed: 2025-05-16}
}


@article{bond2024russian,
  author  = {Shannon Bond},
  title   = {This is what Russian propaganda looks like in 2024},
  journal = {NPR},
  year    = {2024},
  month   = {June},
  day     = {6},
  url     = {https://www.npr.org/2024/06/06/g-s1-2965/russia-propaganda-deepfakes-sham-websites-social-media-ukraine},
  note    = {Accessed: 2025-05-16}
}

@techreport{gao2024disinformation,
  title        = {Foreign Disinformation: Defining and Detecting Threats},
  institution  = {U.S. Government Accountability Office},
  year         = {2024},
  number       = {GAO-24-107600},
  month        = {September},
  url          = {https://www.gao.gov/products/gao-24-107600},
  note         = {Accessed: 2025-05-16}
}

@article{christopher2020deepfakes,
  author  = {Nilesh Christopher},
  title   = {An Indian politician is using deepfakes to try and win voters},
  journal = {MIT Technology Review},
  year    = {2020},
  month   = {February},
  day     = {19},
  url     = {https://www.technologyreview.com/2020/02/19/868173/an-indian-politician-is-using-deepfakes-to-try-and-win-voters/},
  note    = {Accessed: 2025-05-16}
}

@article{menon2021sikhs,
  author  = {Shruti Menon and Flora Carmichael},
  title   = {Farm laws: Sikhs being targeted by fake social media profiles},
  journal = {BBC News},
  year    = {2021},
  month   = {November},
  day     = {24},
  url     = {https://www.bbc.com/news/world-asia-india-59338245},
  note    = {Accessed: 2025-05-16}
}

@article{milmo2024china,
  author  = {Dan Milmo and Amy Hawkins},
  title   = {How China is using AI news anchors to deliver its propaganda},
  journal = {The Guardian},
  year    = {2024},
  month   = {May},
  day     = {18},
  url     = {https://www.theguardian.com/technology/article/2024/may/18/how-china-is-using-ai-news-anchors-to-deliver-its-propaganda},
  note    = {Accessed: 2025-05-16}
}

@article{wakefield2022deepfake,
  author  = {Jane Wakefield},
  title   = {Deepfake presidents used in Russia-Ukraine war},
  journal = {BBC News},
  year    = {2022},
  month   = {March},
  day     = {18},
  url     = {https://www.bbc.com/news/technology-60780142},
  note    = {Accessed: 2025-05-16}
}

