%% LaTeX2e file `refs.bib'
%% generated by the `filecontents' environment
%% from source `Presentation' on 2025/05/15.
%%
@online{nsa_definition, Title = {NSA – Glossary of AI Terms}, Year = {2022}}
@online{nist_definition_ai, Title = {NIST AI Taxonomy}, Year = {2024}}
@inproceedings{video_rewrite, Author={Bregler}, Title={Video Rewrite}, Year={1997}}
@online{cambridge_vox, Title={Cambridge Analytica Explained}, Year={2018}}
@online{fcc_robocall, Title={FCC proposes \$6 M fine for Biden deepfake robocall}, Year={2024}}
@online{cse_canada_2025, Title={Cyber-Threats to Canada’s Democratic Process 2025}, Year={2025}}
@article{Heidari2023, Author={Heidari}, Title={Deepfake Detection Using Deep Learning}, Journal={WIREs DMKD}, Year={2023}}
@article{Rana2024, Author={Rana}, Title={Exploring Deepfake Detection}, Journal={IJCDS}, Year={2024}}
@article{Waseem2023, Author={Waseem}, Title={Face & Expression Swap Review}, Journal={IEEE Access}, Year={2023}}
@inproceedings{Amerini2019, Author={Amerini}, Title={Optical-Flow CNN}, Year={2019}}
@article{Hua2020, Author={Hua}, Title={DeepRhythm}, Year={2020}}
@article{Almars2021, Author={Almars}, Title={Deepfake Detection Survey}, Journal={JCC}, Year={2021}}
@article{Nassif2022, Author={Nassif}, Title={Improved Optical Flow}, Journal={Sensors}, Year={2022}}
@article{Rowan2022, Author={Rowan}, Title={Temporal Dependency}, Year={2022}}
@article{Yang2021, Author={Yang}, Title={FaceGuard}, Year={2021}}
@article{Wang2022, Author={Wang}, Title={Anti-Forgery Adversarial}, Year={2022}}
@article{Dolhansky2020, Author={Dolhansky}, Title={DFDC Dataset}, Year={2020}}
@article{Lu2024, Author={Lu}, Title={Real-World Deepfake Assessment}, Journal={Eur. J. IVP}, Year={2024}}
@article{Odeh2024, Author={Odeh}, Title={Unmasking Deepfakes}, Journal={RIA}, Year={2024}}
@article{Li2024, Author={Li}, Title={Deepfakes & Behaviour}, Journal={SAGE Open}, Year={2024}}
@online{ai_act_art50, Title={EU AI Act – Art. 52-53}, Year={2024}}
@online{fcc_voice_2024, Title={FCC – AI voice declared artificial}, Year={2024}}
@online{senato_ddl1146, Title={DDL 1146 / 24-25 IA Italia}, Year={2025}}
@inproceedings{Chen2021, Author={Chen}, Title={FeatureTransfer UDA}, Year={2021}}
